@article{Opper2009,
  title={The variational {G}aussian approximation revisited},
  author={Opper, Manfred and Archambeau, C{\'e}dric},
  journal={Neural computation},
  volume={21},
  number={3},
  pages={786--792},
  year={2009},
  publisher={MIT Press}
}

@Book{Bishop2006,
  Title                    = {Pattern recognition and machine learning},
  Author                   = {Bishop, Christopher M.},
  Publisher                = {Springer New York},
  Year                     = {2006},
  Volume                   = {1},
}

@book{Rasmussen2006,
  title={Gaussian processes for machine learning},
  author={Rasmussen, Carl Edward and Williams, Christopher K. I.},
  year={2006},
  publisher={The MIT Press, Cambridge, Massachusetts}
}

@article{Jordan1999,
  author = {Jordan, Michael I. and Ghahramani, Zoubin and Jaakkola, Tommi S. 
      and Saul, Lawrence K.},
  title = {An Introduction to Variational Methods for Graphical Models},
  journal = {Machine Learning},
  year = {1999},
  volume = {37},
  pages = {183-233},
  number = {2},
  keywords = {graphical models; Bayesian networks; belief networks; probabilistic
	inference; approximate inference; variational methods; mean field
	methods; hidden Markov models; Boltzmann machines; neural networks},
  publisher = {Kluwer Academic Publishers},
}

@Misc{JonesScipy,
  author =    {Eric Jones and Travis Oliphant and Pearu Peterson and others},
  title =     {{SciPy}: Open source scientific tools for {Python}},
  year =      {2001--},
  url = "http://www.scipy.org/"
} 

@article{scikit-learn,
 title={Scikit-learn: Machine Learning in {P}ython},
 author={Pedregosa, F. and Varoquaux, G. and Gramfort, A. and Michel, V.
         and Thirion, B. and Grisel, O. and Blondel, M. and Prettenhofer, P.
         and Weiss, R. and Dubourg, V. and Vanderplas, J. and Passos, A. and
         Cournapeau, D. and Brucher, M. and Perrot, M. and Duchesnay, E.},
 journal={Journal of Machine Learning Research},
 volume={12},
 pages={2825--2830},
 year={2011}
}

@book{Nocedal2006,
       edition = "2nd",
       author = "J. Nocedal and S. J. Wright",
       title = "Numerical Optimization",
       publisher = "Springer",
       year = "2006",
       address = "New York",
} 

@inproceedings{yang2014,
  title={A la carte-learning fast kernels},
  author={Yang, Zichao and Smola, Alexander J. and Song, Le and Wilson,
      Andrew Gordon},
  booktitle={International Conference on Artificial Intelligence and Statistics
             (AISTATS)},
  pages={1098--1106},
  year={2014}
}

@InProceedings{gershman2012,
  author =    {Samuel Gershman and Matt Hoffman and David Blei},
  title =     {Nonparametric variational inference},
  booktitle = {Proceedings of the 29th International Conference on Machine
      Learning (ICML)},
  year =      {2012},
  location =  {Edinburgh, Scotland, GB},
  month =     {July},
}

@incollection{rahimi2008,
title = {Weighted Sums of Random Kitchen Sinks: Replacing minimization with
         randomization in learning},
author = {Ali Rahimi and Benjamin Recht},
booktitle = {Advances in Neural Information Processing Systems (NIPS)},
year = {2008},
}


@incollection{rahimi2007,
title = {Random Features for Large-Scale Kernel Machines},
author = {Ali Rahimi and Benjamin Recht},
booktitle = {Advances in Neural Information Processing Systems (NIPS)},
booktitle = {NIPS},
year = {2007},
}

@inproceedings{kingma2014auto,
  title={Auto-Encoding Variational Bayes},
  author={Kingma, Diederik P and Welling, Max},
  booktitle={Proceedings of the 2nd International Conference on Learning 
      Representations (ICLR)},
  year={2014}
}

@inproceedings{nguyen2014automated,
  title={Automated variational inference for {G}aussian process models},
  author={Nguyen, Trung V. and Bonilla, Edwin V.},
  booktitle={Advances in Neural Information Processing Systems (NIPS)},
  year={2014}
}

@article{kozubowski2013multivariate,
  title={Multivariate generalized Laplace distribution and related random 
      fields},
  author={Kozubowski, Tomasz J. and Podg{\'o}rski, Krzysztof and Rychlik, Igor},
  journal={Journal of Multivariate Analysis},
  volume={113},
  pages={59--72},
  year={2013},
  publisher={Elsevier}
}

@inproceedings{le2013fastfood,
  title={Fastfood-approximating kernel expansions in loglinear time},
  author={Le, Quoc and Sarl{\'o}s, Tam{\'a}s and Smola, Alex},
  booktitle={Proceedings of the international conference on machine learning
      (ICML)},
  year={2013}
}

@inproceedings{Yu2016orthogonal,
  title={Orthogonal random features},
  author={Felix X. Yu and Suresh, Ananda Theertha and Choromanski, 
      Krzysztof M. and Holtmann-Rice, Daniel N. and Kumar, Sanjiv},
  booktitle={Advances in Neural Information Processing Systems},
  pages={1975--1983},
  year={2016}
}

@article{kingma2014adam,
  title={Adam: A method for stochastic optimization},
  author={Kingma, Diederik and Ba, Jimmy},
  journal={arXiv preprint arXiv:1412.6980},
  year={2014}
} 

@article{bishop2006pattern,
  title={Pattern recognition},
  author={Bishop, Christopher M.},
  journal={Machine Learning},
  volume={128},
  pages={1--58},
  year={2006}
}
